@online{SSF,
    author = "SSF",
    title = "Fungerar larm mot inbrott.",
    url  = "https://www.stoldskyddsforeningen.se/fungerar-larm-mot-inbrott/#:~:text=Enligt%20den%20demoskopunders%C3%B6kning%20som%20SSF,fungerande%20Grannsamverkan%20i%20sitt%20omr%C3%A5de",
    addendum = "(accessed: 07.09.2022)",
    keywords = "Larm, SSF"
}

@online{MoFor,
    author = "Moderna Försäkringar",
    title = "Få larmar hemma trots stor oro för inbrott",
    url  = "https://www.modernaforsakringar.se/om-moderna/pressmeddelande-och-nyheter/fa-larmar-hemma-trots-stor-oro-for-inbrott/",
    addendum = "(accessed: 07.09.2022)",
    keywords = "Larm"
}

@online{BRa,
    author = "Brottsförebyggande Rådet",
    title = "Bostadsinbrott",
    url  = "https://bra.se/statistik/statistik-utifran-brottstyper/bostadsinbrott.html",
    addendum = "(accessed: 09.09.2022)",
    keywords = "BostadsInbrott"
}

@online{Offerta,
    author = "Offerta",
    title = "Vad är priset för ett helarm?",
    url = "https://offerta.se/fastighetsforvaltning/las-och-larm/vad-ar-priset-for-ett-hemlarm/",
    addendum = "(accessed: 30.09.2022)",
    keywords = "Hemlarm"
}